%YAML 1.1
%TAG !u! tag:unity3d.com,2011:
--- !u!1001 &100100000
Prefab:
  m_ObjectHideFlags: 1
  serializedVersion: 2
  m_Modification:
    m_TransformParent: {fileID: 0}
    m_Modifications: []
    m_RemovedComponents: []
  m_ParentPrefab: {fileID: 0}
  m_RootGameObject: {fileID: 1168600931890794}
  m_IsPrefabParent: 1
--- !u!1 &1168600931890794
GameObject:
  m_ObjectHideFlags: 0
  m_PrefabParentObject: {fileID: 0}
  m_PrefabInternal: {fileID: 100100000}
  serializedVersion: 5
  m_Component:
  - component: {fileID: 4300881380088874}
  - component: {fileID: 20674240083941000}
  - component: {fileID: 92433912182158252}
  - component: {fileID: 124043327187111626}
  - component: {fileID: 114478842484963888}
  - component: {fileID: 114264173125217828}
  - component: {fileID: 114764277250901702}
  - component: {fileID: 114981758464686012}
  - component: {fileID: 114593248642654080}
  - component: {fileID: 114838200727624798}
  m_Layer: 0
  m_Name: ParallaxCamera (1)
  m_TagString: MainCamera
  m_Icon: {fileID: 0}
  m_NavMeshLayer: 0
  m_StaticEditorFlags: 0
  m_IsActive: 1
--- !u!1 &1319023109403446
GameObject:
  m_ObjectHideFlags: 0
  m_PrefabParentObject: {fileID: 0}
  m_PrefabInternal: {fileID: 100100000}
  serializedVersion: 5
  m_Component:
  - component: {fileID: 4351354817240214}
  - component: {fileID: 20269860982042944}
  m_Layer: 0
  m_Name: ParallaxCamera (0.3)
  m_TagString: Untagged
  m_Icon: {fileID: 0}
  m_NavMeshLayer: 0
  m_StaticEditorFlags: 0
  m_IsActive: 1
--- !u!1 &1795590085475152
GameObject:
  m_ObjectHideFlags: 0
  m_PrefabParentObject: {fileID: 0}
  m_PrefabInternal: {fileID: 100100000}
  serializedVersion: 5
  m_Component:
  - component: {fileID: 4508036602431134}
  - component: {fileID: 212653504577700042}
  - component: {fileID: 114072054757478164}
  m_Layer: 0
  m_Name: Filter
  m_TagString: Untagged
  m_Icon: {fileID: 0}
  m_NavMeshLayer: 0
  m_StaticEditorFlags: 0
  m_IsActive: 0
--- !u!1 &1811615300531946
GameObject:
  m_ObjectHideFlags: 0
  m_PrefabParentObject: {fileID: 0}
  m_PrefabInternal: {fileID: 100100000}
  serializedVersion: 5
  m_Component:
  - component: {fileID: 4709729810101766}
  - component: {fileID: 20568959671729576}
  m_Layer: 0
  m_Name: ParallaxCamera (1.6)
  m_TagString: Untagged
  m_Icon: {fileID: 0}
  m_NavMeshLayer: 0
  m_StaticEditorFlags: 0
  m_IsActive: 1
--- !u!4 &4300881380088874
Transform:
  m_ObjectHideFlags: 1
  m_PrefabParentObject: {fileID: 0}
  m_PrefabInternal: {fileID: 100100000}
  m_GameObject: {fileID: 1168600931890794}
  m_LocalRotation: {x: 0, y: 0, z: 0, w: 1}
  m_LocalPosition: {x: -0.02, y: -2.05, z: -10}
  m_LocalScale: {x: 1, y: 1, z: 1}
  m_Children:
  - {fileID: 4508036602431134}
  - {fileID: 4351354817240214}
  - {fileID: 4709729810101766}
  m_Father: {fileID: 0}
  m_RootOrder: 0
  m_LocalEulerAnglesHint: {x: 0, y: 0, z: 0}
--- !u!4 &4351354817240214
Transform:
  m_ObjectHideFlags: 1
  m_PrefabParentObject: {fileID: 0}
  m_PrefabInternal: {fileID: 100100000}
  m_GameObject: {fileID: 1319023109403446}
  m_LocalRotation: {x: -0, y: -0, z: -0, w: 1}
  m_LocalPosition: {x: 0, y: 1.519, z: 0}
  m_LocalScale: {x: 1, y: 1, z: 1}
  m_Children: []
  m_Father: {fileID: 4300881380088874}
  m_RootOrder: 1
  m_LocalEulerAnglesHint: {x: 0, y: 0, z: 0}
--- !u!4 &4508036602431134
Transform:
  m_ObjectHideFlags: 1
  m_PrefabParentObject: {fileID: 0}
  m_PrefabInternal: {fileID: 100100000}
  m_GameObject: {fileID: 1795590085475152}
  m_LocalRotation: {x: -0, y: -0, z: -0, w: 1}
  m_LocalPosition: {x: 0.24, y: 0.23, z: 10}
  m_LocalScale: {x: 31.21, y: -17.64, z: 1}
  m_Children: []
  m_Father: {fileID: 4300881380088874}
  m_RootOrder: 0
  m_LocalEulerAnglesHint: {x: 0, y: 0, z: 0}
--- !u!4 &4709729810101766
Transform:
  m_ObjectHideFlags: 1
  m_PrefabParentObject: {fileID: 0}
  m_PrefabInternal: {fileID: 100100000}
  m_GameObject: {fileID: 1811615300531946}
  m_LocalRotation: {x: -0, y: -0, z: -0, w: 1}
  m_LocalPosition: {x: 0, y: -1.302, z: 0}
  m_LocalScale: {x: 1, y: 1, z: 1}
  m_Children: []
  m_Father: {fileID: 4300881380088874}
  m_RootOrder: 2
  m_LocalEulerAnglesHint: {x: 0, y: 0, z: 0}
--- !u!20 &20269860982042944
Camera:
  m_ObjectHideFlags: 1
  m_PrefabParentObject: {fileID: 0}
  m_PrefabInternal: {fileID: 100100000}
  m_GameObject: {fileID: 1319023109403446}
  m_Enabled: 1
  serializedVersion: 2
  m_ClearFlags: 2
  m_BackGroundColor: {r: 0.19215687, g: 0.3019608, b: 0.4745098, a: 0}
  m_NormalizedViewPortRect:
    serializedVersion: 2
    x: 0
    y: 0
    width: 1
    height: 1
  near clip plane: 0.3
  far clip plane: 1000
  field of view: 60
  orthographic: 1
  orthographic size: 5
  m_Depth: -4819
  m_CullingMask:
    serializedVersion: 2
    m_Bits: 16384
  m_RenderingPath: -1
  m_TargetTexture: {fileID: 0}
  m_TargetDisplay: 0
  m_TargetEye: 3
  m_HDR: 1
  m_OcclusionCulling: 1
  m_StereoConvergence: 10
  m_StereoSeparation: 0.022
  m_StereoMirrorMode: 0
--- !u!20 &20568959671729576
Camera:
  m_ObjectHideFlags: 1
  m_PrefabParentObject: {fileID: 0}
  m_PrefabInternal: {fileID: 100100000}
  m_GameObject: {fileID: 1811615300531946}
  m_Enabled: 1
  serializedVersion: 2
  m_ClearFlags: 3
  m_BackGroundColor: {r: 0.19215687, g: 0.3019608, b: 0.4745098, a: 0}
  m_NormalizedViewPortRect:
    serializedVersion: 2
    x: 0
    y: 0
    width: 1
    height: 1
  near clip plane: 0.3
  far clip plane: 1000
  field of view: 60
  orthographic: 1
  orthographic size: 5
  m_Depth: 10
  m_CullingMask:
    serializedVersion: 2
    m_Bits: 32768
  m_RenderingPath: -1
  m_TargetTexture: {fileID: 0}
  m_TargetDisplay: 0
  m_TargetEye: 3
  m_HDR: 1
  m_OcclusionCulling: 1
  m_StereoConvergence: 10
  m_StereoSeparation: 0.022
  m_StereoMirrorMode: 0
--- !u!20 &20674240083941000
Camera:
  m_ObjectHideFlags: 1
  m_PrefabParentObject: {fileID: 0}
  m_PrefabInternal: {fileID: 100100000}
  m_GameObject: {fileID: 1168600931890794}
  m_Enabled: 1
  serializedVersion: 2
  m_ClearFlags: 3
  m_BackGroundColor: {r: 0.19215687, g: 0.3019608, b: 0.4745098, a: 0}
  m_NormalizedViewPortRect:
    serializedVersion: 2
    x: 0
    y: 0
    width: 1
    height: 1
  near clip plane: 0.3
  far clip plane: 1000
  field of view: 60
  orthographic: 1
  orthographic size: 5
  m_Depth: -4818
  m_CullingMask:
    serializedVersion: 2
    m_Bits: 4294918143
  m_RenderingPath: -1
  m_TargetTexture: {fileID: 0}
  m_TargetDisplay: 0
  m_TargetEye: 3
  m_HDR: 1
  m_OcclusionCulling: 1
  m_StereoConvergence: 10
  m_StereoSeparation: 0.022
  m_StereoMirrorMode: 0
--- !u!92 &92433912182158252
Behaviour:
  m_ObjectHideFlags: 1
  m_PrefabParentObject: {fileID: 0}
  m_PrefabInternal: {fileID: 100100000}
  m_GameObject: {fileID: 1168600931890794}
  m_Enabled: 1
--- !u!114 &114072054757478164
MonoBehaviour:
  m_ObjectHideFlags: 1
  m_PrefabParentObject: {fileID: 0}
  m_PrefabInternal: {fileID: 100100000}
  m_GameObject: {fileID: 1795590085475152}
  m_Enabled: 1
  m_EditorHideFlags: 0
  m_Script: {fileID: 11500000, guid: f306c21553914544cb38f8fa7ee620bf, type: 3}
  m_Name: 
  m_EditorClassIdentifier: 
  Bubble: {fileID: 0}
--- !u!114 &114264173125217828
MonoBehaviour:
  m_ObjectHideFlags: 1
  m_PrefabParentObject: {fileID: 0}
  m_PrefabInternal: {fileID: 100100000}
  m_GameObject: {fileID: 1168600931890794}
  m_Enabled: 1
  m_EditorHideFlags: 0
  m_Script: {fileID: 11500000, guid: 6903f12ac8ae44a41ba2a44700ec60ed, type: 3}
  m_Name: 
  m_EditorClassIdentifier: 
  ProCamera2D: {fileID: 114478842484963888}
  UseNumericBoundaries: 1
  UseTopBoundary: 0
  TopBoundary: 10
  TargetTopBoundary: 0
  UseBottomBoundary: 1
  BottomBoundary: -10
  TargetBottomBoundary: 0
  UseLeftBoundary: 1
  LeftBoundary: -10
  TargetLeftBoundary: 0
  UseRightBoundary: 1
  RightBoundary: 10
  TargetRightBoundary: 0
  IsCameraPositionHorizontallyBounded: 0
  IsCameraPositionVerticallyBounded: 0
  CurrentBoundariesTrigger: {fileID: 0}
  HasFiredTransitionStarted: 0
  HasFiredTransitionFinished: 0
  UseElasticBoundaries: 0
  HorizontalElasticityDuration: 0.5
  HorizontalElasticitySize: 2
  VerticalElasticityDuration: 0.5
  VerticalElasticitySize: 2
  ElasticityEaseType: 0
--- !u!114 &114478842484963888
MonoBehaviour:
  m_ObjectHideFlags: 1
  m_PrefabParentObject: {fileID: 0}
  m_PrefabInternal: {fileID: 100100000}
  m_GameObject: {fileID: 1168600931890794}
  m_Enabled: 1
  m_EditorHideFlags: 0
  m_Script: {fileID: 11500000, guid: 8b8c96e2cdc154e848a3d9fe62464d42, type: 3}
  m_Name: 
  m_EditorClassIdentifier: 
  CameraTargets:
  - TargetTransform: {fileID: 0}
    TargetInfluenceH: 1
    TargetInfluenceV: 1
    TargetOffset: {x: 0, y: 2}
  - TargetTransform: {fileID: 0}
    TargetInfluenceH: 1
    TargetInfluenceV: 1
    TargetOffset: {x: 0, y: 0}
  CenterTargetOnStart: 1
  Axis: 0
  UpdateType: 1
  FollowHorizontal: 0
  HorizontalFollowSmoothness: 0.15
  FollowVertical: 1
  VerticalFollowSmoothness: 0.3
  OffsetX: 0
  OffsetY: 0
  IsRelativeOffset: 1
  ZoomWithFOV: 0
  CurrentZoomTriggerID: 0
  IsCameraPositionLeftBounded: 0
  IsCameraPositionRightBounded: 0
  IsCameraPositionTopBounded: 0
  IsCameraPositionBottomBounded: 0
  GameCamera: {fileID: 20674240083941000}
--- !u!114 &114593248642654080
MonoBehaviour:
  m_ObjectHideFlags: 1
  m_PrefabParentObject: {fileID: 0}
  m_PrefabInternal: {fileID: 100100000}
  m_GameObject: {fileID: 1168600931890794}
  m_Enabled: 1
  m_EditorHideFlags: 0
  m_Script: {fileID: 11500000, guid: dcee107da3fceff479417c6566b65e16, type: 3}
  m_Name: 
  m_EditorClassIdentifier: 
  OxygenManager: {fileID: 11400000, guid: 2a8751f925d219248a58f94fb209ad1f, type: 2}
--- !u!114 &114764277250901702
MonoBehaviour:
  m_ObjectHideFlags: 1
  m_PrefabParentObject: {fileID: 0}
  m_PrefabInternal: {fileID: 100100000}
  m_GameObject: {fileID: 1168600931890794}
  m_Enabled: 1
  m_EditorHideFlags: 0
  m_Script: {fileID: 11500000, guid: 2744f1f739b1144e291cf00c8531e49c, type: 3}
  m_Name: 
  m_EditorClassIdentifier: 
  ProCamera2D: {fileID: 114478842484963888}
  ParallaxLayers:
  - ParallaxCamera: {fileID: 20269860982042944}
    Speed: 0.3
    LayerMask:
      serializedVersion: 2
      m_Bits: 16384
  - ParallaxCamera: {fileID: 20674240083941000}
    Speed: 1
    LayerMask:
      serializedVersion: 2
      m_Bits: 4294918143
  - ParallaxCamera: {fileID: 20568959671729576}
    Speed: 1.6
    LayerMask:
      serializedVersion: 2
      m_Bits: 32768
  ParallaxHorizontal: 0
  ParallaxVertical: 1
  ParallaxZoom: 1
  RootPosition: {x: -0.02, y: 0.12, z: 0}
  FrontDepthStart: 9
  BackDepthStart: -4818
--- !u!114 &114838200727624798
MonoBehaviour:
  m_ObjectHideFlags: 1
  m_PrefabParentObject: {fileID: 0}
  m_PrefabInternal: {fileID: 100100000}
  m_GameObject: {fileID: 1168600931890794}
  m_Enabled: 1
  m_EditorHideFlags: 0
  m_Script: {fileID: 11500000, guid: bcf0148ce8dd950439bd054e19ab5ed7, type: 3}
  m_Name: 
  m_EditorClassIdentifier: 
  listenerId: 0
--- !u!114 &114981758464686012
MonoBehaviour:
  m_ObjectHideFlags: 1
  m_PrefabParentObject: {fileID: 0}
  m_PrefabInternal: {fileID: 100100000}
  m_GameObject: {fileID: 1168600931890794}
  m_Enabled: 1
  m_EditorHideFlags: 0
  m_Script: {fileID: 11500000, guid: d1eca57db7d394266ae024997acf4456, type: 3}
  m_Name: 
  m_EditorClassIdentifier: 
  ProCamera2D: {fileID: 114478842484963888}
  TransitionShaderEnter: 0
  DurationEnter: 2
  DelayEnter: 0
  EaseTypeEnter: 1
  BackgroundColorEnter: {r: 0, g: 0, b: 0, a: 1}
  SideEnter: 0
  DirectionEnter: 0
  BlindsEnter: 16
  TextureEnter: {fileID: 0}
  TextureSmoothingEnter: 0.2
  TransitionShaderExit: 0
  DurationExit: 5
  DelayExit: 0
  EaseTypeExit: 1
  BackgroundColorExit: {r: 1, g: 1, b: 1, a: 1}
  SideExit: 0
  DirectionExit: 0
  BlindsExit: 16
  TextureExit: {fileID: 0}
  TextureSmoothingExit: 0.2
  StartSceneOnEnterState: 1
--- !u!124 &124043327187111626
Behaviour:
  m_ObjectHideFlags: 1
  m_PrefabParentObject: {fileID: 0}
  m_PrefabInternal: {fileID: 100100000}
  m_GameObject: {fileID: 1168600931890794}
  m_Enabled: 1
--- !u!212 &212653504577700042
SpriteRenderer:
  m_ObjectHideFlags: 1
  m_PrefabParentObject: {fileID: 0}
  m_PrefabInternal: {fileID: 100100000}
  m_GameObject: {fileID: 1795590085475152}
  m_Enabled: 1
  m_CastShadows: 0
  m_ReceiveShadows: 0
  m_MotionVectors: 1
  m_LightProbeUsage: 1
  m_ReflectionProbeUsage: 1
  m_Materials:
  - {fileID: 10754, guid: 0000000000000000f000000000000000, type: 0}
  m_StaticBatchInfo:
    firstSubMesh: 0
    subMeshCount: 0
  m_StaticBatchRoot: {fileID: 0}
  m_ProbeAnchor: {fileID: 0}
  m_LightProbeVolumeOverride: {fileID: 0}
  m_ScaleInLightmap: 1
  m_PreserveUVs: 0
  m_IgnoreNormalsForChartDetection: 0
  m_ImportantGI: 0
  m_SelectedEditorRenderState: 0
  m_MinimumChartSize: 4
  m_AutoUVMaxDistance: 0.5
  m_AutoUVMaxAngle: 89
  m_LightmapParameters: {fileID: 0}
  m_SortingLayerID: 0
  m_SortingOrder: 81
  m_Sprite: {fileID: 21300000, guid: 5522a1e9b114d69479dc9c7246f38c1b, type: 3}
  m_Color: {r: 0.07028547, g: 0.17077321, b: 0.36764705, a: 0.266}
  m_FlipX: 0
  m_FlipY: 0
